\begin{thebibliography}{9}

@article{future,
    author  = {Aniket Kittur, Jeffrey V. Nickerson, Michael S. Bernstein, Elizabeth M. Gerber, Aaron Shaw, John Zimmerman, Matthew Lease, and John J. Horton},
    title   = {The Future of Crowd Work},
    journal = {http://hci.stanford.edu/publications/2013/CrowdWork/futureofcrowdwork-cscw2013.pdf},
 }

@article{r,
    author  = {Enila Hiltunen},
    title   = {Crowdsourcing the Future: The Foresight Process at Finpro},
    journal = {www.jfs.tku.edu.tw/16-1/R02.pdf},
 }
	

@article{cswww,
    author  = {Anhai Doan, Raghu Ramakrishnan and Alon Y. Halevy},
    title   = {Crowdsourcing Systems on the World-Wide Web},
    journal = { http://delivery.acm.org/10.1145/1930000/1924442/p86-doan.pdf},
 }

\end{thebibliography}